@article{degerneration_of_Hilbert_metric,
	author = {DeBrito, Marianne and Nguyen, Andrew and O'Gara, Marisa},
	journal = {Rose-Hulman Undergraduate Mathematics Journal},
	note = {Article 3},
	number = {1},
	title = {{The Degeneration of the Hilbert Metric on Ideal Pants and its Application to Entropy}},
	url = {https://scholar.rose-hulman.edu/rhumj/vol22/iss1/3},
	volume = {22},
	year = {2021}
}

