@online{wolfram_prime_num_theorem,
	title = {{Prime Number Theorem}},
	url = {https://mathworld.wolfram.com/PrimeNumberTheorem.html}
}

