@online{wolfram_prime_num_theorem,
	title = {{Prime Number Theorem}},
	url = {https://mathworld.wolfram.com/PrimeNumberTheorem.html}
}

@misc{alexey_dijkstra_alg,
	author = {Reshetnyak, Alexey},
	url = {https://github.com/AlexeyReshetnyak/dijkstra_alg}
}

